<record><leader>00000cas a22000007a 4500</leader><controlfield tag="001">1769327</controlfield><controlfield tag="008">751101d18931897mnuwr ne      0    0eng d</controlfield><datafield ind1=" " ind2=" " tag="010"><subfield code="a">sn 90059032 </subfield></datafield><datafield ind1=" " ind2=" " tag="040"><subfield code="a">MUL</subfield><subfield code="b">eng</subfield><subfield code="c">MUL</subfield><subfield code="d">MN#</subfield><subfield code="d">OCLCQ</subfield><subfield code="d">OCLCF</subfield><subfield code="d">OCLCO</subfield></datafield><datafield ind1="1" ind2=" " tag="029"><subfield code="a">AU@</subfield><subfield code="b">000025876674</subfield></datafield><datafield ind1=" " ind2=" " tag="042"><subfield code="a">msc</subfield></datafield><datafield ind1=" " ind2=" " tag="043"><subfield code="a">n-us-mn</subfield></datafield><datafield ind1=" " ind2=" " tag="052"><subfield code="a">4144</subfield><subfield code="b">W2</subfield></datafield><datafield ind1=" " ind2=" " tag="052"><subfield code="a">4143</subfield><subfield code="b">W3</subfield></datafield><datafield ind1="0" ind2="0" tag="245"><subfield code="a">Wadena County journal.</subfield></datafield><datafield ind1="1" ind2="7" tag="246"><subfield code="a">Wadena journal</subfield></datafield><datafield ind1=" " ind2=" " tag="260"><subfield code="a">Wadena, Minn. :</subfield><subfield code="b">Albert S. McMillan,</subfield><subfield code="c">1893-1897.</subfield></datafield><datafield ind1=" " ind2=" " tag="300"><subfield code="a">5 v.</subfield></datafield><datafield ind1=" " ind2=" " tag="310"><subfield code="a">Weekly</subfield></datafield><datafield ind1="0" ind2=" " tag="362"><subfield code="a">Vol. 14, no. 45 (Nov. 9, 1893)-v. 18, no. 31 (July 30, 1897).</subfield></datafield><datafield ind1=" " ind2=" " tag="530"><subfield code="a">Available on microfilm from the Minnesota Historical Society.</subfield></datafield><datafield ind1=" " ind2="0" tag="651"><subfield code="a">Wadena (Minn.)</subfield><subfield code="v">Newspapers.</subfield></datafield><datafield ind1=" " ind2="7" tag="655"><subfield code="a">Newspapers.</subfield><subfield code="2">fast</subfield><subfield code="0">(OCoLC)fst01423814</subfield></datafield><datafield ind1=" " ind2="7" tag="651"><subfield code="a">Minnesota</subfield><subfield code="z">Wadena.</subfield><subfield code="2">fast</subfield><subfield code="0">(OCoLC)fst01220208</subfield></datafield><datafield ind1=" " ind2=" " tag="752"><subfield code="a">United States</subfield><subfield code="b">Minnesota</subfield><subfield code="c">Wadena</subfield><subfield code="d">Wadena.</subfield></datafield><datafield ind1="0" ind2="0" tag="780"><subfield code="t">Verndale journal</subfield><subfield code="w">(DLC)sn 90059019</subfield></datafield><datafield ind1="0" ind2="7" tag="785"><subfield code="t">Wadena County pioneer</subfield><subfield code="w">(DLC)sn 90059033</subfield></datafield><datafield ind1="0" ind2="7" tag="785"><subfield code="t">Wadena pioneer journal</subfield><subfield code="w">(DLC)sn 83016848</subfield></datafield></record>